/home/mark/Mendeley/Bibtex/PostDoc.bib