@misc{MinistryPrimaryIndustries2015,
author = {{Ministry for Primary Industries}},
title = {{Our Strategy 2030 - growing and protecting New Zealand - The export goal}},
url = {https://www.mpi.govt.nz/about-mpi/our-strategy-2030-growing-and-protecting-new-zealand/the-export-goal},
year = {2015}
}
