@misc{StatisticsNewZealand2015,
author = {{Statistics New Zealand}},
title = {{Annual fruit exports hit {\$}2 billion for first time}},
url = {http://www.stats.govt.nz/browse{\_}for{\_}stats/economic{\_}indicators/prices{\_}indexes/seasonal-fluctuations-in-fresh-fruit-and-vegetables.aspx},
year = {2015}
}
